
@ARTICLE{corbella:2004,
   author = {{Corbella}, I. and {Duffo}, N. and {Vall-Llossera}, M. and {Camps}, A. and 
	{Torres}, F.},
    title = "{The Visibility Function in Interferometric Aperture Synthesis Radiometry}",
  journal = {IEEE Transactions on Geoscience and Remote Sensing},
     year = 2004,
    month = aug,
   volume = 42,
    pages = {1677-1682},
      doi = {10.1109/TGRS.2004.830641},
   adsurl = {http://adsabs.harvard.edu/abs/2004ITGRS..42.1677C},
  adsnote = {Provided by the SAO/NASA Astrophysics Data System}
}

@INPROCEEDINGS{wrobel:1999,
   author = {{Wrobel}, J.~M. and {Walker}, R.~C.},
    title = "{Sensitivity}",
booktitle = {Synthesis Imaging in Radio Astronomy II},
     year = 1999,
   series = {Astronomical Society of the Pacific Conference Series},
   volume = 180,
   editor = "{G.~B.~Taylor, C.~L.~Carilli, \& R.~A.~Perley}",
    pages = {171},
   adsurl = {http://adsabs.harvard.edu/abs/1999ASPC..180..171W},
  adsnote = {Provided by the SAO/NASA Astrophysics Data System}
}